<?xml version="1.0" encoding="UTF-8"?><collection xmlns="http://www.loc.gov/MARC21/slim"><record><leader>00367nam--2200145-i-4500</leader><controlfield tag="001">000017015</controlfield><controlfield tag="002">20161230</controlfield><controlfield tag="005">20170301235259</controlfield><controlfield tag="008">060222s1000------------r-----000-0-eng-d</controlfield><datafield ind1=" " ind2=" " tag="100"><subfield code="a">Cristescu, N</subfield></datafield><datafield ind1=" " ind2=" " tag="245"><subfield code="a">Mecanica materialelor compozite. I</subfield></datafield><datafield ind1=" " ind2=" " tag="260"><subfield code="a">Bucuresti</subfield><subfield code="b">Universitatea</subfield><subfield code="c">1983</subfield></datafield><datafield ind1=" " ind2=" " tag="300"><subfield code="a">236 p</subfield></datafield><datafield ind1=" " ind2=" " tag="852"><subfield code="a">621.1:531(075)</subfield></datafield><datafield ind1=" " ind2=" " tag="CAT"><subfield code="a">SYS</subfield><subfield code="c">20170301</subfield><subfield code="h">235259</subfield></datafield></record></collection>